% Encoding: UTF-8
@misc{PLDAC,
  title = {UPMC - PLDAC Sujets 2018},
  howpublished = {\url{http://dac.lip6.fr/master/wp-content/uploads/2017/12/guigue_gallinari.pdf}},
  note = {Sorbonne Universit√©, Master Informatique DAC: Sujets de PLDAC http://dac.lip6.fr/master/enseignement/ues/pldac/sujets-pldac-2018/}
}

@incollection{ricci2011introduction,
  title={Introduction to recommender systems handbook},
  author={Ricci, Francesco and Rokach, Lior and Shapira, Bracha},
  booktitle={Recommender systems handbook},
  pages={1--35},
  year={2011},
  publisher={Springer}
}

@article{harper2016movielens,
  title={The movielens datasets: History and context},
  author={Harper, F Maxwell and Konstan, Joseph A},
  journal={ACM Transactions on Interactive Intelligent Systems (TiiS)},
  volume={5},
  number={4},
  pages={19},
  year={2016},
  publisher={ACM}
}

@inproceedings{lee2001algorithms,
  title={Algorithms for non-negative matrix factorization},
  author={Lee, Daniel D and Seung, H Sebastian},
  booktitle={Advances in neural information processing systems},
  pages={556--562},
  year={2001}
}

@article{lee1999learning,
  title={Learning the parts of objects by non-negative matrix factorization},
  author={Lee, Daniel D and Seung, H Sebastian},
  journal={Nature},
  volume={401},
  number={6755},
  pages={788},
  year={1999},
  publisher={Nature Publishing Group}
}

@article{hoyer2004non,
  title={Non-negative matrix factorization with sparseness constraints},
  author={Hoyer, Patrik O},
  journal={Journal of machine learning research},
  volume={5},
  number={Nov},
  pages={1457--1469},
  year={2004}
}

@inproceedings{hoyer2002non,
  title={Non-negative sparse coding},
  author={Hoyer, Patrik O},
  booktitle={Neural Networks for Signal Processing, 2002. Proceedings of the 2002 12th IEEE Workshop on},
  pages={557--565},
  year={2002},
  organization={IEEE}
}

@inproceedings{sileo2016apprentissage,
  title={Apprentissage relationnel pour la recommandation et la pr{\'e}diction de donn{\'e}es manquantes},
  author={Sileo, Damien and Guigue, Vincent},
  booktitle={CAp},
  year={2016}
}

@article{bell2008bellkor,
  title={The bellkor 2008 solution to the netflix prize},
  author={Bell, Robert M and Koren, Yehuda and Volinsky, Chris},
  journal={Statistics Research Department at AT\&T Research},
  volume={1},
  year={2008}
}
